@article{DeCrescenzo-Mayer:2019:voter-id-wisconsin,
  doi = {10.1089/elj.2018.0536},
  url = {https://doi.org/10.1089/elj.2018.0536},
  year = {2019},
  month = {dec},
  publisher = {Mary Ann Liebert Inc},
  volume = {18},
  number = {4},
  pages = {342--359},
  author = {Michael G. DeCrescenzo and Kenneth R. Mayer},
  title = {Voter Identification and Nonvoting in Wisconsin{\textemdash}Evidence from the 2016 Election},
  journal = {Election Law Journal: Rules,  Politics,  and Policy}
}